<?xml version="1.0" encoding="UTF-8" ?>
<collection xmlns:xsi="http://www.w3.org/2001/XMLSchema-instance"
    xsi:schemaLocation="http://www.loc.gov/MARC21/slim
        http://www.loc.gov/standards/marcxml/schema/MARC21slim.xsd"
    xmlns="http://www.loc.gov/MARC21/slim">
<record>
  <leader>00237cam a2200445 i 4500</leader>
  <controlfield tag="001">b12444108</controlfield>
  <controlfield tag="003">LeBAU</controlfield>
  <controlfield tag="005">20190513</controlfield>
  <controlfield tag="008">970512s1950    ua            ||0 0 ara d</controlfield>
  <datafield tag="035" ind1=" " ind2=" ">
    <subfield code="a">ocn784320712</subfield>
  </datafield>
  <datafield tag="040" ind1=" " ind2=" ">
    <subfield code="a">LEAUB</subfield>
    <subfield code="b">ara</subfield>
    <subfield code="e">rda</subfield>
    <subfield code="c">LEAUB</subfield>
    <subfield code="d">LEAUB</subfield>
  </datafield>
  <datafield tag="082" ind1="0" ind2="4">
    <subfield code="a">335</subfield>
    <subfield code="2">22</subfield>
  </datafield>
  <datafield tag="100" ind1="1" ind2=" ">
    <subfield code="6">880-01</subfield>
    <subfield code="a">Ḥusayn, Aḥmad,</subfield>
    <subfield code="d">1911-</subfield>
    <subfield code="e">author.</subfield>
  </datafield>
  <datafield tag="245" ind1="1" ind2="0">
    <subfield code="6">880-02</subfield>
    <subfield code="a">Muḥāḍarāt Aḥmad Ḥusayn fī sharḥ barnāmaj al-Ḥizb al-Ishtirākī /</subfield>
    <subfield code="c">Aḥmad Ḥusayn.</subfield>
  </datafield>
  <datafield tag="246" ind1="3" ind2="4">
    <subfield code="6">880-03</subfield>
    <subfield code="a">al-Ishtirākīyah allatī nadʻū ilayhā</subfield>
  </datafield>
  <datafield tag="250" ind1=" " ind2=" ">
    <subfield code="6">880-04</subfield>
    <subfield code="a">al-Ṭabʻah al-ūlá.</subfield>
  </datafield>
  <datafield tag="264" ind1=" " ind2="1">
    <subfield code="6">880-05</subfield>
    <subfield code="a">al-Qāhirah :</subfield>
    <subfield code="b">al-Maṭbaʻah al-ʻĀlamīyah,</subfield>
    <subfield code="c">1950.</subfield>
  </datafield>
  <datafield tag="300" ind1=" " ind2=" ">
    <subfield code="6">880-06</subfield>
    <subfield code="a">1 volume (174 pges) ;</subfield>
    <subfield code="c">24 cm</subfield>
  </datafield>
  <datafield tag="336" ind1=" " ind2=" ">
    <subfield code="a">text</subfield>
    <subfield code="b">txt</subfield>
    <subfield code="2">rdacontent</subfield>
  </datafield>
  <datafield tag="337" ind1=" " ind2=" ">
    <subfield code="a">unmediated</subfield>
    <subfield code="b">n</subfield>
    <subfield code="2">rdamedia</subfield>
  </datafield>
  <datafield tag="338" ind1=" " ind2=" ">
    <subfield code="a">volume</subfield>
    <subfield code="b">nc</subfield>
    <subfield code="2">rdacarrier</subfield>
  </datafield>
  <datafield tag="500" ind1=" " ind2=" ">
    <subfield code="a">من المرجح أنه لم يتم إصدار أي جزء آخر من الكتاب.</subfield>
  </datafield>
  <datafield tag="590" ind1=" " ind2=" ">
    <subfield code="a">في المكتبة الجزء 1.</subfield>
  </datafield>
  <datafield tag="610" ind1="2" ind2="4">
    <subfield code="a">حزب مصر الفتاة.</subfield>
  </datafield>
  <datafield tag="610" ind1="2" ind2="0">
    <subfield code="a">Ḥizb Miṣr al-Fatāh.</subfield>
  </datafield>
  <datafield tag="650" ind1=" " ind2="4">
    <subfield code="a">الاحزاب السياسية</subfield>
    <subfield code="z">مصر.</subfield>
  </datafield>
  <datafield tag="650" ind1=" " ind2="4">
    <subfield code="a">الاشتراكية</subfield>
    <subfield code="z">مصر.</subfield>
  </datafield>
  <datafield tag="650" ind1=" " ind2="0">
    <subfield code="a">Political parties</subfield>
    <subfield code="z">Egypt.</subfield>
  </datafield>
  <datafield tag="650" ind1=" " ind2="0">
    <subfield code="a">Socialism</subfield>
    <subfield code="z">Egypt.</subfield>
  </datafield>
  <datafield tag="852" ind1=" " ind2=" ">
    <subfield code="a">Jafet Library</subfield>
    <subfield code="e">American University of Beirut, Bliss Street , Beirut, Lebanon.</subfield>
  </datafield>
  <datafield tag="880" ind1="1" ind2=" ">
    <subfield code="6">100-01/(3/r</subfield>
    <subfield code="a">حسين، احمد،</subfield>
    <subfield code="d">1911-</subfield>
    <subfield code="e">مؤلف. </subfield>
    <subfield code="4">aut.</subfield>
  </datafield>
  <datafield tag="880" ind1="1" ind2="0">
    <subfield code="6">245-02/(3/r</subfield>
    <subfield code="a">محاضرات أحمد حسين في شرح برنامج الحزب الإشتراكي /</subfield>
    <subfield code="c">أحمد حسين.</subfield>
  </datafield>
  <datafield tag="880" ind1="3" ind2="0">
    <subfield code="6">246-03/(3/r</subfield>
    <subfield code="a">الإشتراكية التي ندعو إليها</subfield>
  </datafield>
  <datafield tag="880" ind1=" " ind2=" ">
    <subfield code="6">250-04/(3/r</subfield>
    <subfield code="a">الطبعة الأولى.</subfield>
  </datafield>
  <datafield tag="880" ind1=" " ind2="1">
    <subfield code="6">264-05/(3/r</subfield>
    <subfield code="a">القاهرة :</subfield>
    <subfield code="b">المطبعة العالمية،</subfield>
    <subfield code="c">1950.</subfield>
  </datafield>
  <datafield tag="880" ind1=" " ind2=" ">
    <subfield code="6">300-06/(3/r</subfield>
    <subfield code="a">1 جزء (174 صفحة) ؛</subfield>
    <subfield code="c">24 سم</subfield>
  </datafield>
  <datafield tag="907" ind1=" " ind2=" ">
    <subfield code="a">.b12444108</subfield>
    <subfield code="b">19-05-27</subfield>
    <subfield code="c">11-05-24</subfield>
  </datafield>
  <datafield tag="907" ind1=" " ind2=" ">
    <subfield code="a">.b12444108</subfield>
    <subfield code="b">11-10-11</subfield>
    <subfield code="c">11-05-24</subfield>
  </datafield>
  <datafield tag="945" ind1=" " ind2=" ">
    <subfield code="f">J</subfield>
    <subfield code="a">335:H96iA:v.1:c.1</subfield>
    <subfield code="i">01019939</subfield>
    <subfield code="j">.i12920277</subfield>
    <subfield code="l">u0503</subfield>
  </datafield>
  <datafield tag="998" ind1=" " ind2=" ">
    <subfield code="a">u05</subfield>
    <subfield code="b">97-05-12</subfield>
    <subfield code="c">m</subfield>
    <subfield code="d">a  </subfield>
    <subfield code="e">-</subfield>
    <subfield code="f">ara</subfield>
    <subfield code="g">ua </subfield>
    <subfield code="h">0</subfield>
    <subfield code="i">1</subfield>
  </datafield>
</record>
</collection>
